@comment{x-kbibtex-personnameformatting=<%l><, %f>}

@book{Mitchell1997,
	author = "Mitchell, Tom M.",
	isbn = "0070428077",
	publisher = "McGraw-Hill Education",
	title = "{Machine Learning}",
	year = "1997"
}

@article{clustering,
	author = {Wikipedia},
	title = {Clustering},
	journaltitle = {"https://pt.wikipedia.org/wiki/Clustering"},
	year = {2015},
}

@article{hierarquico,
	author = {Sopa de Letrinhas},
	title = {Algoritmos de Análise de Agrupamentos: Método Hierárquico – AGNES e DIANA},
	journaltitle = {"http://fp2.com.br/blog/index.php/2012/algoritmos-de-analise-de-agrupamentos-	metodo-hierarquico-agnes-diana/"},
	year = {2012},
}

@article{Fisher1936,
	author = "Fisher, R. A.",
	journal = "Annual Eugenics",
	pages = "179--188",
	title = "{The use of multiple measurements in taxonomic problems}",
	volume = "7",
	year = "1936"
}

@inproceedings{mckinney-proc-scipy-2010,
	author = "McKinney, Wes",
	booktitle = "{Proceedings of the 9th Python in Science Conference}",
	editor = "van der Walt, St{\'e}fan and Millman, Jarrod",
	pages = "51--56",
	title = "{Data Structures for Statistical Computing in Python}",
	year = "2010"
}

@article{scikit-learn,
	title = "{Scikit-learn: Machine Learning in {P}ython}"
}

@article{horton_kenta1996,
	author = "Horton, Paul and Nakai, Kenta",
	journal = "Intelligent systems for molecular biology",
	pages = "109--115",
	title = "{A Probabilistic Classification Localization System for Predicting Sites of Proteins}",
	volume = "96",
	year = "1996"
}

@article{nakai_kaneshisa1991,
	author = "Nakai, Kenta and Kanehisa, Minoru",
	journal = "PROTEINS: Structure, Function, and Genetics",
	pages = "95--110",
	title = "{Expert System for Predicting Protein Localization Sites in Gram-Negative Bacteria}",
	volume = "11",
	year = "1991"
}

@article{ghazvini_etal2014,
	author = "Ghazvini, Anahita and Awwalu, Jamilu and Bakar, Azuraliza Abu",
	journal = "International Journal of Computer Trends and Technology",
	number = "1",
	pages = "39--43",
	title = "{Comparative Analysis of Algorithms in Supervised Classification: A Case study of Bank Notes Dataset}",
	volume = "17",
	year = "2014"
}

@article{berzal_etal2003,
	author = "Berzal, Fernando and Cubero, Juan-Carlos and Cuenca, Fernando and Mart{\'i}n-Bautista, Maria J.",
	journal = "Data \& Knowledge Engineering",
	pages = "31--48",
	title = "{On the quest for easy-to-understand splitting rules}",
	volume = "44",
	year = "2003"
}

@article{van_etal2011,
	author = "van der Walt, St{\'e}fan and Colbert, S. Chris and Varoquaux, Ga{\"e}l",
	journal = "Computing in Science \& Engineering",
	pages = "22-30",
	title = "{The NumPy Array: A Structure for Efficient Numerical Computation}",
	volume = "13",
	year = "2011"
}

@article{hunter2007,
	author = "Hunter, John D.",
	journal = "omputing in Science \& Engineering",
	pages = "90-95",
	title = "{Matplotlib: A 2D Graphics Environment}",
	volume = "9",
	year = "2007"
}

